%!TEX root = main.tex
%
% references.bib
%

@book{AlgebraicTopologyBible,
   title = "Algebraic Topology",
   author = "Hatcher, Allen",
   publisher = "Cambridge University Press",
   address = "Cambridge, New York",
   url = "http://opac.inria.fr/record=b1122188",
   isbn = "0-521-79160-X",
   year = {2002}
}

@MastersThesis{lenz2011,
    author     =     {Oliver Urs Lenz},
    title     =     {{The classifying space of a monoid}},
    school     =     {Universiteit Leiden},
    address     =     {The Netherlands},
    year     =     {2011},
    }

@misc{JT2008,
  author        = {Andr\'{e} Joyal and Myles Tierney},
  title         = {Notes on simplicial homotopy theory},
  month         = {February},
  year          = {2008},
  howpublished = {\url{http://mat.uab.cat/~kock/crm/hocat/advanced-course/Quadern47.pdf}}
}

@misc{stacks-project,
  shorthand    = {Stacks},
  author       = {The {Stacks Project Authors}},
  title        = {Stacks Project},
  howpublished = {\url{http://stacks.math.columbia.edu}},
  year         = {2016},
}

@book{SGA1,
  author = {Grothendieck, Alexander},
  title = {Rev\^etements \'etales et groupe fondamental (SGA 1)},
  year = {1971},
  publisher = {Springer-Verlag},
  series = {Lecture notes in mathematics},
  volume = {224},
}

@misc{lenstra08,
    author       = {Hendrik W. Lenstra},
    title        = {Galois Theory for Schemes},
    year         = {2008},
    shorthand    = {GS},
    howpublished = {\url{http://websites.math.leidenuniv.nl/algebra/GSchemes.pdf}} 
}

@book{szamuely,
    author    = {Tamasz Szamuely},
    title     = {Galois Groups and Fundamental Groups},
    year      = {2010},
    shorthand = {GG}
}

@book{goersjardinne09,
    author    = "Paul G. Goerss and John F. Jardine",
    title     = "Simplicial Homotopy Theory",
    year      = "2009",
    shorthand = "SHT"
}

@book{johnstone77,
    author  = "Peter Johnstone",
    title   = "Topos Theory",
    year    = "1977",
    shorthand = "TT"
}

@article{greenwade93,
    author  = "George D. Greenwade",
    title   = "The {C}omprehensive {T}ex {A}rchive {N}etwork ({CTAN})",
    year    = "1993",
    journal = "TUGBoat",
    volume  = "14",
    number  = "3",
    pages   = "342--351"
}

@book{barmak11,
	author    = "Jonathan A. Barmak",
	title     = "Algebraic Topology of Finite Spaces and Applications",
	year      = "2011",
    shorthand = "JB"	
}

@book{MacLaneMoerdijk91,
    author    = "Saunders Mac Lane and Ieke Moerdijk",
    title     = "Sheaves in Geometry and Logic",
    year      = "1991",
    shorthand = "MM91"
}

@book{gratzer78,
    author    = "George Gr{\"a}zter",
    title     = "General Lattice Theory",
    year      = "1978",
    shorthand = "GG"
}